% ========= Experiments =====================
% --- Hyper-K
@article{Hyper-Kamiokande:2018ofw,
    author = "Abe, K. and others",
    collaboration = "Hyper-Kamiokande",
    title = "{Hyper-Kamiokande Design Report}",
    eprint = "1805.04163",
    archivePrefix = "arXiv",
    primaryClass = "physics.ins-det",
    month = "5",
    year = "2018"
}
% --- SBN
@article{MicroBooNE:2015bmn,
    author = "Acciarri, R. and others",
    collaboration = "MicroBooNE, LAr1-ND, ICARUS-WA104",
    title = "{A Proposal for a Three Detector Short-Baseline Neutrino Oscillation Program in the Fermilab Booster Neutrino Beam}",
    eprint = "1503.01520",
    archivePrefix = "arXiv",
    primaryClass = "physics.ins-det",
    month = "3",
    year = "2015"
}
% --- DUNE start ---
@article{DUNE:2016hlj,
    author = "Acciarri, R. and others",
    collaboration = "DUNE",
    title = "{Long-Baseline Neutrino Facility (LBNF) and Deep Underground Neutrino Experiment (DUNE)}: {Conceptual Design Report, Volume 1: The LBNF and DUNE Projects}",
    eprint = "1601.05471",
    archivePrefix = "arXiv",
    primaryClass = "physics.ins-det",
    reportNumber = "FERMILAB-DESIGN-2016-01",
    month = "1",
    year = "2016"
}

@article{DUNE:2015lol,
    author = "Acciarri, R. and others",
    collaboration = "DUNE",
    title = "{Long-Baseline Neutrino Facility (LBNF) and Deep Underground Neutrino Experiment (DUNE)}: {Conceptual Design Report, Volume 2: The Physics Program for DUNE at LBNF}",
    eprint = "1512.06148",
    archivePrefix = "arXiv",
    primaryClass = "physics.ins-det",
    reportNumber = "FERMILAB-DESIGN-2016-02",
    month = "12",
    year = "2015"
}

@article{DUNE:2016evb,
    author = "Strait, James and others",
    collaboration = "DUNE",
    title = "{Long-Baseline Neutrino Facility (LBNF) and Deep Underground Neutrino Experiment (DUNE)}: {Conceptual Design Report, Volume 3: Long-Baseline Neutrino Facility for DUNE June 24, 2015}",
    eprint = "1601.05823",
    archivePrefix = "arXiv",
    primaryClass = "physics.ins-det",
    reportNumber = "FERMILAB-DESIGN-2016-03",
    month = "1",
    year = "2016"
}

@article{DUNE:2016rla,
    author = "Acciarri, R. and others",
    collaboration = "DUNE",
    title = "{Long-Baseline Neutrino Facility (LBNF) and Deep Underground Neutrino Experiment (DUNE)}: {Conceptual Design Report, Volume 4 The DUNE Detectors at LBNF}",
    eprint = "1601.02984",
    archivePrefix = "arXiv",
    primaryClass = "physics.ins-det",
    reportNumber = "FERMILAB-DESIGN-2016-04",
    month = "1",
    year = "2016"
}

@article{DUNE:2021tad,
    author = "Hewes, V. and others",
    collaboration = "DUNE",
    title = "{Deep Underground Neutrino Experiment (DUNE) Near Detector Conceptual Design Report}",
    eprint = "2103.13910",
    archivePrefix = "arXiv",
    primaryClass = "physics.ins-det",
    reportNumber = "FERMILAB-PUB-21-067-E-LBNF-PPD-SCD-T",
    doi = "10.3390/instruments5040031",
    journal = "Instruments",
    volume = "5",
    number = "4",
    pages = "31",
    year = "2021"
}
% --- DUNE end ---

% --- T2K 
@article{T2K:2011qtm,
    author = "Abe, K. and others",
    collaboration = "T2K",
    title = "{The T2K Experiment}",
    eprint = "1106.1238",
    archivePrefix = "arXiv",
    primaryClass = "physics.ins-det",
    doi = "10.1016/j.nima.2011.06.067",
    journal = "Nucl. Instrum. Meth. A",
    volume = "659",
    pages = "106--135",
    year = "2011"
}

@article{T2K:2019bbb,
    author = "Abe, K. and others",
    collaboration = "T2K",
    title = "{T2K ND280 Upgrade - Technical Design Report}",
    eprint = "1901.03750",
    archivePrefix = "arXiv",
    primaryClass = "physics.ins-det",
    reportNumber = "CERN-SPSC-2019-001 (SPSC-TDR-006)",
    month = "1",
    year = "2019"
}


% ========= Nu Int
@article{LlewellynSmith:1971uhs,
    author = "Llewellyn Smith, C. H.",
    title = "{Neutrino Reactions at Accelerator Energies}",
    reportNumber = "SLAC-PUB-0958",
    doi = "10.1016/0370-1573(72)90010-5",
    journal = "Phys. Rept.",
    volume = "3",
    pages = "261--379",
    year = "1972"
}

@article{Andreopoulos:2009rq,
    author = "Andreopoulos, C. and others",
    title = "{The GENIE Neutrino Monte Carlo Generator}",
    eprint = "0905.2517",
    archivePrefix = "arXiv",
    primaryClass = "hep-ph",
    reportNumber = "FERMILAB-PUB-09-418-CD",
    doi = "10.1016/j.nima.2009.12.009",
    journal = "Nucl. Instrum. Meth. A",
    volume = "614",
    pages = "87--104",
    year = "2010"
} % GENIE

@article{genie:2p2h-dytman,
	title = "{Meson exchange current ({MEC}) models in neutrino interaction generators}",
	volume = "{1663}",
	issn = "{0094-243X}",
	url = "{https://doi.org/10.1063/1.4919465}",
	doi = "{10.1063/1.4919465}",
	abstract = "{Understanding of the so-called 2 particle-2 hole (2p-2h) effect is an urgent program in neutrino interaction physics for current and future oscillation experiments. Such processes are believed to be responsible for the event excesses observed by recent neutrino experiments. The 2p-2h effect is dominated by the meson exchange current (MEC), and is accompanied by a 2-nucleon emission from the primary vertex, instead of a single nucleon emission from the charged-current quasi-elastic (CCQE) interaction.Current and future high resolution experiments can potentially nail down this effect. For this reason, there are world wide efforts to model and implement this process in neutrino interaction simulations. In these proceedings, I would like to describe how this channel is modeled in neutrino interaction generators.}",
	number = "{1}",
	journal = "{AIP Conference Proceedings}",
	author = "{Katori, Teppei}",
	month = "{May}",
	year = "{2015}",
	note = "{\_eprint: https://pubs.aip.org/aip/acp/article-pdf/doi/10.1063/1.4919465/13101054/030001\_1\_online.pdf}",
	pages = "{030001}"
}

@article{GENIE:2021npt,
    author = "Alvarez-Ruso, Luis and others",
    collaboration = "GENIE",
    title = "{Recent highlights from GENIE v3}",
    eprint = "2106.09381",
    archivePrefix = "arXiv",
    primaryClass = "hep-ph",
    reportNumber = "FERMILAB-PUB-21-266-SCD-T",
    doi = "10.1140/epjs/s11734-021-00295-7",
    journal = "Eur. Phys. J. ST",
    volume = "230",
    number = "24",
    pages = "4449--4467",
    year = "2021"
}


@misc{sfcfg-talk,
  author = {Laura Munteanu},
  title = {},
  year = {2022},
  note = {NuInt, Seoul, KOREA, [Conference presentation]},
  url = {https://indico.cern.ch/event/881216/contributions/5048776/}
}

@misc{sfcfg-GitHubCommit,
  author = {Laura Munteanu},
  title = {GENIE Generator},
  year = {2023},
  url = {https://github.com/GENIE-MC/Generator/pull/249},
  note = {commit SHA:64135ac}
}

@article{Nieves:2004wx,
    author = "Nieves, J. and Amaro, Jose Enrique and Valverde, M.",
    title = "{Inclusive quasi-elastic neutrino reactions}",
    eprint = "nucl-th/0408005",
    archivePrefix = "arXiv",
    doi = "10.1103/PhysRevC.70.055503",
    journal = "Phys. Rev. C",
    volume = "70",
    pages = "055503",
    year = "2004",
    note = "[Erratum: Phys.Rev.C 72, 019902 (2005)]"
} %valencia-1

@article{Nieves:2011pp,
    author = "Nieves, J. and Ruiz Simo, I. and Vicente Vacas, M. J.",
    title = "{Inclusive Charged--Current Neutrino--Nucleus Reactions}",
    eprint = "1102.2777",
    archivePrefix = "arXiv",
    primaryClass = "hep-ph",
    doi = "10.1103/PhysRevC.83.045501",
    journal = "Phys. Rev. C",
    volume = "83",
    pages = "045501",
    year = "2011"
} %valencia-2

@article{Gonzalez-Jimenez:2014eqa,
    author = "Gonzal\'ez-Jim\'enez, R. and Megias, G. D. and Barbaro, M. B. and Caballero, J. A. and Donnelly, T. W.",
    title = "{Extensions of Superscaling from Relativistic Mean Field Theory: the SuSAv2 Model}",
    eprint = "1407.8346",
    archivePrefix = "arXiv",
    primaryClass = "nucl-th",
    doi = "10.1103/PhysRevC.90.035501",
    journal = "Phys. Rev. C",
    volume = "90",
    number = "3",
    pages = "035501",
    year = "2014"
} %susave

@article{Rein:1980wg,
    author = "Rein, Dieter and Sehgal, Lalit M.",
    title = "{Neutrino Excitation of Baryon Resonances and Single Pion Production}",
    reportNumber = "PITHA-80-10",
    doi = "10.1016/0003-4916(81)90242-6",
    journal = "Annals Phys.",
    volume = "133",
    pages = "79--153",
    year = "1981"
} % RS RES

@article{Berger:2007rq,
    author = "Berger, Ch. and Sehgal, L. M.",
    title = "{Lepton mass effects in single pion production by neutrinos}",
    eprint = "0709.4378",
    archivePrefix = "arXiv",
    primaryClass = "hep-ph",
    doi = "10.1103/PhysRevD.76.113004",
    journal = "Phys. Rev. D",
    volume = "76",
    pages = "113004",
    year = "2007"
} % BS RES

@article{Andreopoulos:2015wxa,
    author = "Andreopoulos, Costas and Barry, Christopher and Dytman, Steve and Gallagher, Hugh and Golan, Tomasz and Hatcher, Robert and Perdue, Gabriel and Yarba, Julia",
    title = "{The GENIE Neutrino Monte Carlo Generator: Physics and User Manual}",
    eprint = "1510.05494",
    archivePrefix = "arXiv",
    primaryClass = "hep-ph",
    reportNumber = "FERMILAB-FN-1004-CD",
    month = "10",
    year = "2015"
}

@article{NuSTEC:2017hzk,
    author = "Alvarez-Ruso, L. and others",
    collaboration = "NuSTEC",
    title = "{NuSTEC White Paper: Status and challenges of neutrino\textendash{}nucleus scattering}",
    eprint = "1706.03621",
    archivePrefix = "arXiv",
    primaryClass = "hep-ph",
    reportNumber = "FERMILAB-PUB-17-195-ND-T, INT-PUB-17-020",
    doi = "10.1016/j.ppnp.2018.01.006",
    journal = "Prog. Part. Nucl. Phys.",
    volume = "100",
    pages = "1--68",
    year = "2018"
}

% --- G18-a
@article{GENIE:2021zuu,
    author = "Tena-Vidal, J\'ulia and others",
    collaboration = "GENIE",
    title = "{Neutrino-nucleon cross-section model tuning in GENIE v3}",
    eprint = "2104.09179",
    archivePrefix = "arXiv",
    primaryClass = "hep-ph",
    reportNumber = "FERMILAB-PUB-20-531-SCD-T",
    doi = "10.1103/PhysRevD.104.072009",
    journal = "Phys. Rev. D",
    volume = "104",
    number = "7",
    pages = "072009",
    year = "2021"
}

@article{GENIE:2021wox,
    author = "Tena-Vidal, J\'ulia and others",
    collaboration = "GENIE",
    title = "{Hadronization model tuning in genie v3}",
    eprint = "2106.05884",
    archivePrefix = "arXiv",
    primaryClass = "hep-ph",
    reportNumber = "FERMILAB-PUB-21-024-QIS-SCD-T",
    doi = "10.1103/PhysRevD.105.012009",
    journal = "Phys. Rev. D",
    volume = "105",
    number = "1",
    pages = "012009",
    year = "2022"
}

@article{GENIE:2022qrc,
    author = "Tena-Vidal, Julia and others",
    collaboration = "GENIE",
    title = "{Neutrino-nucleus CC0$\pi$ cross-section tuning in GENIE v3}",
    eprint = "2206.11050",
    archivePrefix = "arXiv",
    primaryClass = "hep-ph",
    reportNumber = "FERMILAB-PUB-22-296-ND-QIS-SCD",
    doi = "10.1103/PhysRevD.106.112001",
    journal = "Phys. Rev. D",
    volume = "106",
    number = "11",
    pages = "112001",
    year = "2022"
}


@article{GENIE:2024ufm,
    author = "Li, Weijun and others",
    collaboration = "GENIE",
    title = "{First combined tuning on transverse kinematic imbalance data with and without pion production constraints}",
    eprint = "2404.08510",
    archivePrefix = "arXiv",
    primaryClass = "hep-ex",
    reportNumber = "FERMILAB-PUB-24-0122-CSAID-PPD",
    doi = "10.1103/PhysRevD.110.072016",
    journal = "Phys. Rev. D",
    volume = "110",
    number = "7",
    pages = "072016",
    year = "2024"
}

@article{Rein:1987cb,
    author = "Rein, D.",
    title = "{Angular Distribution in Neutrino Induced Single Pion Production Processes}",
    doi = "10.1007/BF01561054",
    journal = "Z. Phys. C",
    volume = "35",
    pages = "43--64",
    year = "1987"
}

@article{Kabirnezhad:2017jmf,
    author = "Kabirnezhad, Monireh",
    title = "{Single pion production in neutrino-nucleon Interactions}",
    eprint = "1711.02403",
    archivePrefix = "arXiv",
    primaryClass = "hep-ph",
    doi = "10.1103/PhysRevD.97.013002",
    journal = "Phys. Rev. D",
    volume = "97",
    number = "1",
    pages = "013002",
    year = "2018"
}

@article{Kabirnezhad:2020wtp,
    author = "Kabirnezhad, M.",
    title = "{Single pion production in electron-nucleon interactions}",
    eprint = "2006.13765",
    archivePrefix = "arXiv",
    primaryClass = "hep-ph",
    doi = "10.1103/PhysRevD.102.053009",
    journal = "Phys. Rev. D",
    volume = "102",
    number = "5",
    pages = "053009",
    year = "2020"
}

@article{Kabirnezhad:2022znc,
    author = "Kabirnezhad, M.",
    title = "{Single-pion production in electron-proton interactions}",
    eprint = "2203.15594",
    archivePrefix = "arXiv",
    primaryClass = "hep-ph",
    doi = "10.1103/PhysRevC.107.025502",
    journal = "Phys. Rev. C",
    volume = "107",
    number = "2",
    pages = "025502",
    year = "2023"
}


% ============ Variables ===============
@article{Adler:1968tw,
    author = "Adler, Stephen L.",
    title = "{Photoproduction, electroproduction and weak single pion production in the (3,3) resonance region}",
    doi = "10.1016/0003-4916(68)90278-9",
    journal = "Annals Phys.",
    volume = "50",
    pages = "189--311",
    year = "1968"
}

@article{Sanchez:2015yvw,
    author = "S\'anchez, F.",
    title = "{Possibility of measuring Adler angles in charged current single pion neutrino-nucleus interactions}",
    eprint = "1511.00501",
    archivePrefix = "arXiv",
    primaryClass = "hep-ex",
    doi = "10.1103/PhysRevD.93.093015",
    journal = "Phys. Rev. D",
    volume = "93",
    number = "9",
    p= "093015",
    year = "2016"
}

@article{Baudis:2023tma,
    author = "Baudis, Nathan and Dolan, Stephen and Sgalaberna, Davide and Bolognesi, Sara and Munteanu, Laura and Dieminger, Till",
    title = "{Longitudinal kinematic imbalances in neutrino and antineutrino interactions for improved measurements of neutrino energy and the axial vector form factor}",
    eprint = "2310.15633",
    archivePrefix = "arXiv",
    primaryClass = "hep-ph",
    doi = "10.1103/PhysRevD.110.032019",
    journal = "Phys. Rev. D",
    volume = "110",
    number = "3",
    pages = "032019",
    year = "2024"
}

% --- dptt
@article{Lu:2015hea,
    author = "Lu, X.-G. and Coplowe, D. and Shah, R. and Barr, G. and Wark, D. and Weber, A.",
    title = "{Reconstruction of Energy Spectra of Neutrino Beams Independent of Nuclear Effects}",
    eprint = "1507.00967",
    archivePrefix = "arXiv",
    primaryClass = "hep-ex",
    doi = "10.1103/PhysRevD.92.051302",
    journal = "Phys. Rev. D",
    volume = "92",
    number = "5",
    pages = "051302",
    year = "2015"
}

% --- TKI
@article{Lu:2015tcr,
      author         = "Lu, X.-G. and Pickering, L. and Dolan, S. and Barr, G.
                        and Coplowe, D. and Uchida, Y. and Wark, D. and Wascko, M.
                        O. and Weber, A. and Yuan, T.",
      title          = "{Measurement of nuclear effects in neutrino interactions
                        with minimal dependence on neutrino energy}",
      journal        = "Phys. Rev.",
      volume         = "C94",
      year           = "2016",
      number         = "1",
      pages          = "015503",
      doi            = "10.1103/PhysRevC.94.015503",
      eprint         = "1512.05748",
      archivePrefix  = "arXiv",
      primaryClass   = "nucl-th",
      SLACcitation   = "%%CITATION = ARXIV:1512.05748;%%"
}

% --- GKI
@article{MicroBooNE:2023krv,
    author = "Abratenko, P. and others",
    collaboration = "MicroBooNE",
    title = "{Measurement of nuclear effects in neutrino-argon interactions using generalized kinematic imbalance variables with the MicroBooNE detector}",
    eprint = "2310.06082",
    archivePrefix = "arXiv",
    primaryClass = "nucl-ex",
    reportNumber = "FERMILAB-PUB-23-606-AD-CSAID-ND",
    doi = "10.1103/PhysRevD.109.092007",
    journal = "Phys. Rev. D",
    volume = "109",
    number = "9",
    pages = "092007",
    year = "2024"
}



% ===== Measurements ==========================================
@article{T2K:2019yqu,
    author = "Abe, K. and others",
    collaboration = "T2K",
    title = "{Measurement of the muon neutrino charged-current single $\pi^+$ production on hydrocarbon using the T2K off-axis near detector ND280}",
    eprint = "1909.03936",
    archivePrefix = "arXiv",
    primaryClass = "hep-ex",
    doi = "10.1103/PhysRevD.101.012007",
    journal = "Phys. Rev. D",
    volume = "101",
    number = "1",
    pages = "012007",
    year = "2020"
}

@article{T2K:2021naz,
    author = "Abe, K. and others",
    collaboration = "T2K",
    title = "{First T2K measurement of transverse kinematic imbalance in the muon-neutrino charged-current single-$\pi^+$ production channel containing at least one proton}",
    eprint = "2102.03346",
    archivePrefix = "arXiv",
    primaryClass = "hep-ex",
    doi = "10.1103/PhysRevD.103.112009",
    journal = "Phys. Rev. D",
    volume = "103",
    number = "11",
    pages = "112009",
    year = "2021"
}

@article{MicroBooNECollaboration:2024gvg,
    author = "Abratenko, P. and others",
    collaboration = "(MicroBooNE Collaboration)*, MicroBooNE",
    title = "{Measurement of the differential cross section for neutral pion production in charged-current muon neutrino interactions on argon with the MicroBooNE detector}",
    eprint = "2404.09949",
    archivePrefix = "arXiv",
    primaryClass = "hep-ex",
    reportNumber = "FERMILAB-PUB-24-0142-CSAID-PPD",
    doi = "10.1103/PhysRevD.110.092014",
    journal = "Phys. Rev. D",
    volume = "110",
    number = "9",
    pages = "092014",
    year = "2024"
}

@article{NOvA:2023uxq,
    author = "Acero, M. A. and others",
    collaboration = "NOvA",
    title = "{Measurement of \ensuremath{\nu}\ensuremath{\mu} charged-current inclusive \ensuremath{\pi}0 production in the NOvA near detector}",
    eprint = "2306.04028",
    archivePrefix = "arXiv",
    primaryClass = "hep-ex",
    reportNumber = "FERMILAB-PUB-23-026-AD-CSAID-PPD",
    doi = "10.1103/PhysRevD.107.112008",
    journal = "Phys. Rev. D",
    volume = "107",
    number = "11",
    pages = "112008",
    year = "2023"
}

@article{MINERvA:2022djk,
    author = "Bercellie, A. and others",
    collaboration = "MINERvA",
    title = "{Simultaneous Measurement of Muon Neutrino \ensuremath{\nu}\ensuremath{\mu} Charged-Current Single \ensuremath{\pi}+ Production in CH, C, H2O, Fe, and Pb Targets in MINERvA}",
    eprint = "2209.07852",
    archivePrefix = "arXiv",
    primaryClass = "hep-ex",
    reportNumber = "FERMILAB-PUB-22-716-ND-QIS-SCD",
    doi = "10.1103/PhysRevLett.131.011801",
    journal = "Phys. Rev. Lett.",
    volume = "131",
    number = "1",
    pages = "011801",
    year = "2023"
}

@article{MINERvA:2023avz,
    author = "Cai, T. and others",
    collaboration = "MINERvA",
    title = "{Measurement of the axial vector form factor from antineutrino\textendash{}proton scattering}",
    reportNumber = "FERMILAB-PUB-23-033-CSAID-ND-QIS",
    doi = "10.1038/s41586-022-05478-3",
    journal = "Nature",
    volume = "614",
    number = "7946",
    pages = "48--53",
    year = "2023"
}




% ========= History =====================
@article{Pauli:1930pc,
    author = "Pauli, W.",
    title = "{Dear radioactive ladies and gentlemen}",
    journal = "Phys. Today",
    volume = "31N9",
    pages = "27",
    year = "1978"
}

@article{Fermi:1934hr,
    author = "Fermi, E.",
    title = "{An attempt of a theory of beta radiation. 1.}",
    reportNumber = "UCRL-TRANS-726",
    doi = "10.1007/BF01351864",
    journal = "Z. Phys.",
    volume = "88",
    pages = "161--177",
    year = "1934"
}


// nu para
@article{Capozzi:2021fjo,
    author = "Capozzi, Francesco and Di Valentino, Eleonora and Lisi, Eligio and Marrone, Antonio and Melchiorri, Alessandro and Palazzo, Antonio",
    title = "{Unfinished fabric of the three neutrino paradigm}",
    eprint = "2107.00532",
    archivePrefix = "arXiv",
    primaryClass = "hep-ph",
    doi = "10.1103/PhysRevD.104.083031",
    journal = "Phys. Rev. D",
    volume = "104",
    number = "8",
    pages = "083031",
    year = "2021"
}

@article{ParticleDataGroup:2024cfk,
    author = "Navas, S. and others",
    collaboration = "Particle Data Group",
    title = "{Review of particle physics}",
    doi = "10.1103/PhysRevD.110.030001",
    journal = "Phys. Rev. D",
    volume = "110",
    number = "3",
    pages = "030001",
    year = "2024"
}


// ---- MSW effectg
@article{Wolfenstein:1977ue,
    author = "Wolfenstein, L.",
    title = "{Neutrino Oscillations in Matter}",
    reportNumber = "COO-3066-102",
    doi = "10.1103/PhysRevD.17.2369",
    journal = "Phys. Rev. D",
    volume = "17",
    pages = "2369--2374",
    year = "1978"
}

@article{Mikheyev:1985zog,
    author = "Mikheyev, S. P. and Smirnov, A. Yu.",
    title = "{Resonance Amplification of Oscillations in Matter and Spectroscopy of Solar Neutrinos}",
    journal = "Sov. J. Nucl. Phys.",
    volume = "42",
    pages = "913--917",
    year = "1985"
}

// --- thesis
@phdthesis{Jenkins:2022ljx,
    author = "Jenkins, Sam",
    title = "{Measurement of the muon neutrino charged current single positive pion production cross section on water in the ND280 near detector}",
    school = "Sheffield U.",
    year = "2022"
}